@article{wiegand2003overview,
  title={Overview of the H. 264/AVC video coding standard},
  author={Wiegand, Thomas and Sullivan, Gary J and Bjontegaard, Gisle and Luthra, Ajay},
  journal={IEEE Transactions on circuits and systems for video technology},
  volume={13},
  number={7},
  pages={560--576},
  year={2003},
  publisher={IEEE}
}

@book{richardson2004h,
  title={H. 264 and MPEG-4 video compression: video coding for next-generation multimedia},
  author={Richardson, Iain E},
  year={2004},
  publisher={John Wiley \& Sons}
}

@article{schwarz2007overview,
  title={Overview of the scalable video coding extension of the H. 264/AVC standard},
  author={Schwarz, Heiko and Marpe, Detlev and Wiegand, Thomas},
  journal={IEEE Transactions on circuits and systems for video technology},
  volume={17},
  number={9},
  pages={1103--1120},
  year={2007},
  publisher={IEEE}
}

@article{horowitz2003h,
  title={H. 264/AVC baseline profile decoder complexity analysis},
  author={Horowitz, Michael and Joch, Anthony and Kossentini, Faouzi and Hallapuro, Antti},
  journal={IEEE transactions on circuits and systems for video technology},
  volume={13},
  number={7},
  pages={704--716},
  year={2003},
  publisher={IEEE}
}

@article{team2003advanced,
  title={Advanced video coding for generic audiovisual services},
  author={Team, Joint Video},
  journal={ITU-T Rec. H},
  volume={264},
  pages={14496--10},
  year={2003}
}